2212 3466
769 846 1254 922 Praefatio.

1026 1038 1100 1071 „Noi
1121 1038 1150 1065 ci
1169 1038 1386 1072 lusinghiamo
1414 1038 1444 1065 di
1465 1046 1542 1066 aver
1562 1038 1644 1066 fatto
1664 1038 1775 1066 lavoro
1797 1039 1853 1066 che
1874 1040 1965 1074 potr&

974 1087 1080 1107 essere
1109 1079 1139 1106 di
1161 1079 1296 1113 qualche
1322 1079 1446 1112 utilita,
1473 1087 1560 1107 come
1582 1080 1701 1113 indice,
1729 1080 1758 1107 ai
1779 1081 1966 1108 naturalis-ti

974 1121 1011 1148 ed
1033 1121 1101 1154 agli
1123 1120 1274 1148 stranieri
1292 1121 1347 1148 che
1363 1128 1514 1154 vengono
1537 1129 1555 1147 a
1576 1122 1688 1154 queste
1703 1122 1824 1155 sponde
1845 1130 1901 1156 per
1921 1123 1967 1149 tal

976 1170 1095 1196 genere
1117 1163 1147 1189 di
1167 1162 1267 1194 studi,
1295 1163 1334 1190 ed
1355 1170 1516 1190 avremnlo
1543 1162 1594 1197 poi
1626 1162 1657 1189 in
1680 1165 1775 1190 conto
1797 1163 1827 1190 di
1856 1164 1967 1191 lavoro

974 1204 1157 1233 utilissimo.
1177 1204 1207 1231 le
1221 1204 1431 1238 aggiunzioni
1447 1212 1462 1231 e
1476 1205 1506 1231 le
1522 1204 1751 1232 rettiticazioni
1765 1205 1821 1232 che
1834 1212 1966 1240 possero

971 1253 1028 1280 per
1050 1246 1128 1273 farsi
1149 1246 1189 1273 da
1214 1246 1295 1273 altre
1315 1245 1348 1273 in
1370 1245 1570 1280 prosinguo.“
1716 1246 1760 1274 (Ῥ.
1780 1246 1931 1279 Ρηυεκι.)

190 1331 385 1383 Amplius
418 1331 573 1385 viginti
607 1331 792 1382 quinque
826 1331 926 1372 anni
958 1330 1295 1384 praeterierunt,
1331 1344 1384 1372 ex
1417 1344 1516 1382 (111(1,
1552 1343 1644 1372 cum
1675 1331 1805 1372 litora
1838 1331 1967 1372 maris

47 1402 355 1444 mediterranei
386 1402 567 1455 primum
602 1402 787 1444 adissem
818 1402 1083 1454 hiememque
1107 1403 1338 1444 Messanae
1371 1402 1585 1455 degerem,
1621 1402 1841 1443 consilium
1874 1402 1969 1454 cepi

48 1473 294 1515 animalium
335 1473 465 1515 maris
506 1472 815 1515 mediterranei
852 1473 1088 1515 incolarum
1127 1473 1440 1526 descriptiones
1473 1474 1673 1525 locosque
1708 1473 1966 1527 congerendi

49 1544 256 1596 simulque
278 1544 445 1586 initium
468 1544 551 1586 feci
575 1547 619 1586 et
642 1544 808 1597 scripta
831 1557 879 1586 eo
909 1544 1155 1597 spectantia
1188 1545 1463 1597 comparandi
1498 1548 1541 1585 et
1573 1544 1691 1586 tacta
1724 1544 1964 1597 colligendi.

46 1616 249 1658 Moverat
281 1629 347 1657 me
380 1616 586 1668 imprimis
620 1616 732 1667 quod
763 1629 849 1657 non
882 1617 1115 1658 exstabant
1148 1615 1340 1657 subsidia
1371 1615 1607 1665 litteraria,
1652 1629 1759 1667 quae
1800 1615 1966 1667 species

47 1686 291 1728 animalium
332 1687 747 1729 mediterraneormn
784 1687 828 1728 in
869 1687 994 1729 brevi
1036 1690 1270 1739 conspectu
1312 1690 1523 1739 ponerent
1565 1690 1609 1728 et
1642 1700 1787 1728 earum
1821 1686 1966 1740 cogni-

45 1757 206 1799 tionem
240 1758 489 1800 eeleriorem
522 1758 811 1809 tutioremque
843 1759 1089 1811 redderent,
1126 1759 1274 1810 quales
1308 1761 1409 1800 sunt
1439 1758 1539 1799 libri
1572 1761 1794 1800 auctorum
1829 1758 1966 1811 angli-

47 1841 191 1870 corum
223 1829 275 1870 E.
309 1829 496 1881 FORBES,
532 1830 583 1871 (nl.
618 1830 858 1883 ‚JoHNsT0N,
893 1830 1127 1880 TH.BEL1„
1162 1830 1232 1871 W.
1258 1829 1459 1871 YARRELL
1494 1829 1757 1880 aliorumque
1791 1829 1842 1870 de
1876 1828 1967 1870 ani—

46 1900 227 1942 malibus
275 1913 392 1942 mare
440 1900 729 1942 britannifflun
776 1900 1075 1943 incolentibus.
1149 1901 1424 1953 Prop‹i›situm
1471 1913 1609 1942 meum
1656 1900 1815 1953 publici
1863 1900 1968 1941 iuris

47 1971 315 2012 collectanea
346 1984 442 2013 mea
474 1971 661 2012 faciendi
695 1971 991 2013 confirmatum
1025 1975 1104 2022 est,
1140 1985 1232 2014 cum
1266 1975 1362 2013 octo
1387 1971 1542 2013 abhinc
1565 1971 1689 2013 aunis
1712 1972 1753 2012 in
1778 1971 1967 2013 statione

46 2041 269 2095 zoologica
302 2055 411 2094 quae
444 2042 628 2094 Neapoli
661 2043 768 2084 duce
800 2043 958 2085 DOHRN
991 2043 1124 2085 amico
1158 2056 1250 2084 meo
1283 2043 1422 2095 floret,
1456 2056 1534 2094 per
1566 2046 1657 2084 tres
1684 2055 1852 2084 menses
1876 2045 1967 2083 stu—

48 2113 214 2155 diorum
248 2115 379 2155 causa
412 2127 712 2156 commorarer.

190 2185 491 2238 Prodromum,
527 2198 652 2237 quem
684 2198 796 2227 nunc
829 2186 926 2235 edo,
961 2184 1166 2238 imprimis
1200 2184 1488 2237 repertorium
1521 2197 1616 2226 esse
1649 2184 1776 2237 volui,
1811 2184 1854 2225 in
1887 2196 1967 2235 quo

49 2255 245 2309 singulae
279 2256 524 2298 animalium
557 2257 724 2309 species
757 2257 885 2298 facile
917 2256 1103 2299 inveniri
1136 2259 1180 2297 et
1213 2255 1331 2298 cuius
1365 2255 1522 2298 auxilio
1556 2256 1727 2309 singula
1768 2255 1971 2297 animalia

49 2326 209 2379 speciei
252 2340 355 2369 suae
397 2328 579 2369 attribui
620 2331 817 2380 possent:
862 2328 1122 2369 anatomiam
1159 2327 1293 2380 igitur
1325 2327 1535 2368 hactenus
1567 2326 1860 2368 tantummodo
1895 2339 1968 2367 ex-

48 2398 189 2451 posui,
233 2402 281 2440 ut
320 2398 539 2452 diagnosis
580 2402 702 2440 certa
734 2399 826 2440 fieri
859 2402 1020 2451 posset.
1084 2399 1301 2440 Protozoa
1334 2401 1379 2439 et
1411 2397 1624 2451 Spongias
1656 2410 1768 2439 nunc
1801 2397 1968 2449 quidem

51 2469 189 2523 omisi,
224 2470 384 2522 partim
416 2483 469 2511 ne
502 2470 613 2512 liber
646 2470 737 2512 sine
771 2483 901 2512 causa
932 2470 1091 2512 iustum
1123 2470 1292 2511 niodum
1326 2470 1558 2511 excederet
1580 2496 1635 2497 ἡ
1660 2472 1837 2511 exstant
1859 2468 1968 2510 enim

49 2541 453 2592 praestantissimae
487 2541 802 2594 descripti‹1›nes
836 2541 878 2582 in
912 2542 1007 2582 aliis
1030 2541 1152 2582 libris
1177 2568 1242 2582 ἡ.
1278 2540 1437 2592 partim
1461 2540 1560 2591 quia
1583 2540 1845 2593 singularum
1870 2553 1967 2592 spe—

49 2611 209 2653 cierum
242 2613 429 2666 cognitio
462 2613 648 2654 nondum
680 2613 789 2654 satis
824 2616 945 2654 certa
978 2612 1151 2655 videtur
1175 2625 1281 2653 esse.
1338 2612 1486 2665 Qualis
1511 2611 1697 2664 ‹ognitio
1722 2624 1815 2652 cum
1839 2611 1968 2652 etiam

47 2682 92 2723 in
115 2683 294 2725 aliarum
318 2684 515 2726 classium
540 2684 902 2735 descriptionibus
925 2684 1139 2725 nonnullis
1164 2683 1475 2726 vetustiorilms
1499 2682 1782 2733 desideretur,
1807 2682 1971 2724 fartum

51 2757 131 2805 est,
165 2754 277 2796 utin
300 2755 531 2807 generibus
555 2755 832 2808 amplioribus
856 2755 1122 2807 singularum
1151 2754 1390 2806 specierum
1424 2753 1649 2807 diagnosin
1682 2766 1766 2794 non
1800 2766 1968 2805 possem

51 2825 282 2867 secundum
314 2825 526 2878 principia
558 2839 736 2878 prorsus
770 2826 969 2877 aequalia
1001 2825 1285 2873 601151111161·6;
1320 2827 1493 2865 constat
1525 2824 1633 2865 enim
1667 2828 1817 2876 partes
1841 2837 1968 2875 quas-

52 2896 161 2949 dam,
196 2897 350 2948 quibus
383 2910 493 2938 nunc
525 2910 682 2950 magna
713 2897 779 2939 vis
812 2897 852 2938 in
888 2899 1126 2949 systenmte
1160 2896 1393 2948 digerendo
1428 2895 1645 2947 tribuitur,
1681 2895 1777 2936 olim
1801 2895 1968 2936 omnino

50 2979 135 3008 non
169 2970 245 3009 aut
277 2980 361 3018 non
396 2967 504 3009 satis
539 2981 634 3010 esse
668 2969 926 3010 observatas
961 2971 1005 3008 et
1037 2967 1294 3019 descriptas.
1350 2966 1668 3017 inaequalitate
1701 2970 1843 3007 autem
1878 2966 1968 3007 dia-

51 3038 210 3091 gnosis,
245 3052 354 3090 quae
378 3039 537 3081 evitari
566 3052 651 3080 non
672 3039 827 3091 potuit,
862 3038 1092 3090 impeditus
1122 3051 1226 3089 511111,
1261 3037 1482 3089 quominus
1507 3064 1560 3066 W
1586 3037 1626 3078 id
1649 3038 1761 3088 quod
1783 3038 1970 3078 libenter

51 3108 247 3151 facturus
281 3122 397 3151 eram
432 3136 485 3139 —-
527 3110 571 3151 in
603 3110 835 3163 generibus
868 3110 964 3162 illis,
1000 3123 1109 3161 quae
1152 3109 1378 3161 speciebus
1420 3109 1659 3161 abundant,
1704 3108 1966 3161 singularum

53 3180 291 3232 specierum
325 3181 614 3222 definitionem
649 3181 810 3222 tabulis
843 3181 1126 3223 sublevarem.
